<?xml version="1.0" encoding="UTF-8"?><collection xmlns="http://www.loc.gov/MARC21/slim"><record><leader>00610nam--2200193-i-4500</leader><controlfield tag="001">000018065</controlfield><controlfield tag="002">20161230</controlfield><controlfield tag="005">20161230201032</controlfield><controlfield tag="008">060222s1000------------r-----000-0-eng-d</controlfield><datafield ind1=" " ind2=" " tag="040"><subfield code="a">IFIN-HH</subfield></datafield><datafield ind1=" " ind2=" " tag="080"><subfield code="a">537.533.3:621.385.833</subfield></datafield><datafield ind1="1" ind2=" " tag="100"><subfield code="a">Zworykin, V. K</subfield></datafield><datafield ind1="1" ind2="0" tag="245"><subfield code="a">Electron optics and the electron microscope</subfield><subfield code="c">V.k. zworykin, g.a. morton, e.g. ramberg, j. hillier, a.w. vance</subfield></datafield><datafield ind1=" " ind2=" " tag="250"><subfield code="a">Third Printing</subfield></datafield><datafield ind1=" " ind2=" " tag="260"><subfield code="a">New York, Wiley, 1948(3.D Printing) Xi + 766 P</subfield><subfield code="b">John Wiley &amp; Sons, Inc</subfield><subfield code="c">1948</subfield></datafield><datafield ind1=" " ind2=" " tag="300"><subfield code="a">766P</subfield></datafield><datafield ind1="1" ind2=" " tag="700"><subfield code="a">Vance, A.W</subfield></datafield><datafield ind1=" " ind2=" " tag="852"><subfield code="a">1202</subfield><subfield code="c">537.533.3</subfield></datafield><datafield ind1=" " ind2=" " tag="CAT"><subfield code="a">Sys</subfield><subfield code="c">20110831</subfield><subfield code="h">085652</subfield></datafield></record></collection>